% Encoding: UTF-8

@Article{Talaei2019,
  author    = {Talaei, Mohammad and Hosseini, Naeimeh and van Dam, Rob M and Sadeghi, Masoumeh and Oveisgharan, Shahram and Dianatkhah, Minoo and Sarrafzadegan, Nizal},
  journal   = {European journal of nutrition},
  title     = {Whole milk consumption and risk of cardiovascular disease and mortality: Isfahan Cohort Study},
  year      = {2019},
  number    = {1},
  pages     = {163--171},
  volume    = {58},
  file      = {:pdfpapers/Talaei2019_Article_WholeMilkConsumptionAndRiskOfC.pdf:PDF},
  owner     = {ccwang},
  publisher = {Springer},
  timestamp = {2020-01-09},
}

@Article{Yu2018,
  author    = {Yu, Edward and Hu, Frank B},
  journal   = {Current atherosclerosis reports},
  title     = {Dairy products, dairy fatty acids, and the prevention of cardiometabolic disease: a review of recent evidence},
  year      = {2018},
  number    = {5},
  pages     = {24},
  volume    = {20},
  file      = {:pdfpapers/Yu-Hu2018_Article_DairyProductsDairyFattyAcidsAn.pdf:PDF},
  owner     = {ccwang},
  publisher = {Springer},
  timestamp = {2020-01-09},
}

@Article{Iacoviello2018,
  author    = {Iacoviello, Licia and Bonaccio, Marialaura and Cairella, Giulia and Catani, Maria Valeria and Costanzo, Simona and D'Elia, L and Giacco, R and Rendina, D and Sabino, P and Savini, I and others},
  journal   = {Nutrition, Metabolism and Cardiovascular Diseases},
  title     = {Diet and primary prevention of stroke: Systematic review and dietary recommendations by the ad hoc Working Group of the Italian Society of Human Nutrition},
  year      = {2018},
  number    = {4},
  pages     = {309--334},
  volume    = {28},
  file      = {:pdfpapers/Yu-Hu2018_Article_DairyProductsDairyFattyAcidsAn.pdf:PDF;:pdfpapers/PIIS0939475318300012.pdf:PDF},
  owner     = {ccwang},
  publisher = {Elsevier},
  timestamp = {2020-01-09},
}

@Article{Larsson2017,
  author    = {Larsson, Susanna C},
  journal   = {Stroke},
  title     = {Dietary approaches for stroke prevention},
  year      = {2017},
  number    = {10},
  pages     = {2905--2911},
  volume    = {48},
  file      = {:pdfpapers/STROKEAHA.117.017383.pdf:PDF},
  owner     = {ccwang},
  publisher = {Am Heart Assoc},
  timestamp = {2020-01-09},
}

@Article{Thorning2017,
  author    = {Thorning, Tanja Kongerslev and Bertram, Hanne Christine and Bonjour, Jean-Philippe and De Groot, Lisette and Dupont, Didier and Feeney, Emma and Ipsen, Richard and Lecerf, Jean Michel and Mackie, Alan and McKinley, Michelle C and others},
  journal   = {The American journal of clinical nutrition},
  title     = {Whole dairy matrix or single nutrients in assessment of health effects: current evidence and knowledge gaps},
  year      = {2017},
  number    = {5},
  pages     = {1033--1045},
  volume    = {105},
  file      = {:pdfpapers/ajcn151548.pdf:PDF},
  owner     = {ccwang},
  publisher = {Oxford University Press},
  timestamp = {2020-01-09},
}

@Article{Thorning2016,
  author    = {Thorning, Tanja Kongerslev and Raben, Anne and Tholstrup, Tine and Soedamah-Muthu, Sabita S and Givens, Ian and Astrup, Arne},
  journal   = {Food \& nutrition research},
  title     = {Milk and dairy products: good or bad for human health? An assessment of the totality of scientific evidence},
  year      = {2016},
  number    = {1},
  pages     = {32527},
  volume    = {60},
  file      = {:pdfpapers/954-Article Text-6688-1-10-20171113.pdf:PDF},
  owner     = {ccwang},
  publisher = {Taylor \& Francis},
  timestamp = {2020-01-09},
}

@Misc{Guo2017,
  author    = {Guo, Jing and Astrup, Arne and Lovegrove, Julie A and Gijsbers, Lieke and Givens, David I and Soedamah-Muthu, Sabita S},
  title     = {Milk and dairy consumption and risk of cardiovascular diseases and all-cause mortality: dose--response meta-analysis of prospective cohort studies},
  year      = {2017},
  file      = {:pdfpapers/Guo2017_Article_MilkAndDairyConsumptionAndRisk.pdf:PDF},
  journal   = {European Journal of Epidemiology},
  number    = {4},
  owner     = {ccwang},
  pages     = {269},
  publisher = {Springer},
  timestamp = {2020-01-09},
  volume    = {32},
}

@Comment{jabref-meta: databaseType:bibtex;}
